<record><leader>00000cas a2200000 a 4500</leader><controlfield tag="001">37533527</controlfield><controlfield tag="008">970826c19749999cauwr ne      0    0eng c</controlfield><datafield ind1=" " ind2=" " tag="010"><subfield code="a">sn 97069615 </subfield></datafield><datafield ind1=" " ind2=" " tag="040"><subfield code="a">CNK</subfield><subfield code="b">eng</subfield><subfield code="c">CNK</subfield><subfield code="d">CNK</subfield><subfield code="d">OCLCQ</subfield><subfield code="d">OCLCF</subfield><subfield code="d">OCLCO</subfield></datafield><datafield ind1="1" ind2=" " tag="029"><subfield code="a">AU@</subfield><subfield code="b">000013434952</subfield></datafield><datafield ind1=" " ind2=" " tag="042"><subfield code="a">pcc</subfield></datafield><datafield ind1=" " ind2=" " tag="043"><subfield code="a">n-us-ca</subfield></datafield><datafield ind1="0" ind2="0" tag="245"><subfield code="a">Rancho news.</subfield></datafield><datafield ind1="3" ind2="0" tag="246"><subfield code="a">Stage line</subfield></datafield><datafield ind1="3" ind2="0" tag="246"><subfield code="a">Stageline</subfield></datafield><datafield ind1="1" ind2="3" tag="246"><subfield code="a">Rancho news and valley post</subfield><subfield code="f">&lt;June 15&gt;-July 13, 1978</subfield></datafield><datafield ind1="1" ind2="3" tag="246"><subfield code="a">Rancho news Anza Aguanga stage line</subfield><subfield code="f">Oct. 12, 1983-Mar. 7, 1984</subfield></datafield><datafield ind1="1" ind2="7" tag="246"><subfield code="a">Rancho news and stage line</subfield><subfield code="f">Oct. 12, 1983-Mar. 7, 1984</subfield></datafield><datafield ind1=" " ind2=" " tag="260"><subfield code="a">Rancho California, Temecula, CA :</subfield><subfield code="b">Great Western Pub. Co.</subfield></datafield><datafield ind1=" " ind2=" " tag="300"><subfield code="a">v.</subfield></datafield><datafield ind1=" " ind2=" " tag="310"><subfield code="a">Weekly,</subfield><subfield code="b">&lt;June 1, 1977-&gt;</subfield></datafield><datafield ind1=" " ind2=" " tag="321"><subfield code="a">Semimonthly,</subfield><subfield code="b">Aug. 15, 1974-&lt;Apr. 6, 1977&gt;</subfield></datafield><datafield ind1="0" ind2=" " tag="362"><subfield code="a">Aug. 15, 1974-</subfield></datafield><datafield ind1=" " ind2=" " tag="500"><subfield code="a">Stage Line carries separate v. and numbering designation within Rancho News, Jan. 4-Mar. 7, 1984.</subfield></datafield><datafield ind1=" " ind2=" " tag="500"><subfield code="a">"Covering Rancho California, Murrieta, Wildomar, Winchester, Palomar Mountain, Pauma Valley, Rainbow and all areas in between."</subfield></datafield><datafield ind1=" " ind2=" " tag="500"><subfield code="a">Absorbed Anza-Aguanga Stage Line.</subfield></datafield><datafield ind1=" " ind2=" " tag="515"><subfield code="a">Vol. numbering is irregular; and v. and numbering designation begins with Aug. 18, 1976 issue.</subfield></datafield><datafield ind1=" " ind2=" " tag="530"><subfield code="a">Master negatives are available for duplication from:</subfield><subfield code="b">California Newspaper Microfilm Archive;</subfield><subfield code="c">positive copies may be purchased by the reel; for further information consult the CNMA at:</subfield><subfield code="u">http://cbsr.ucr.edu</subfield></datafield><datafield ind1=" " ind2="0" tag="651"><subfield code="a">Rancho California (Calif.)</subfield><subfield code="v">Newspapers.</subfield></datafield><datafield ind1=" " ind2="0" tag="651"><subfield code="a">Temecula (Calif.)</subfield><subfield code="v">Newspapers.</subfield></datafield><datafield ind1=" " ind2="7" tag="655"><subfield code="a">Newspapers.</subfield><subfield code="2">fast</subfield><subfield code="0">(OCoLC)fst01423814</subfield></datafield><datafield ind1=" " ind2="7" tag="651"><subfield code="a">California</subfield><subfield code="z">Rancho California.</subfield><subfield code="2">fast</subfield><subfield code="0">(OCoLC)fst01228855</subfield></datafield><datafield ind1=" " ind2="7" tag="651"><subfield code="a">California</subfield><subfield code="z">Temecula.</subfield><subfield code="2">fast</subfield><subfield code="0">(OCoLC)fst01251525</subfield></datafield><datafield ind1=" " ind2=" " tag="752"><subfield code="a">United States</subfield><subfield code="b">California</subfield><subfield code="c">Riverside</subfield><subfield code="d">Temecula.</subfield></datafield><datafield ind1="0" ind2="0" tag="780"><subfield code="t">Rancho California news</subfield><subfield code="w">(DLC)sn 00060410</subfield></datafield></record>